@article{stereotype,
    author = {Susino, Marco and Schubert, Emery},
    title = {Cultural stereotyping of emotional
responses to music genre},
    journal = {Psychology of Music},
    year = {2019}
} 

@book{artfuldesign,
   author = {Ge Wang},
   title = {Artful Design: Technology in Search of the Sublime},
   publisher = {Stanford University Press},
   year = {2020},
}


@article{creativity,
    author = {Boden, Margaret},
    title = {Computer Models of Creativity},
    journal = {American Association for Artificial Intelligence
United States},
    year = {2009}
} 
